<?xml version="1.0" encoding="UTF-8"?><record xmlns="http://www.loc.gov/MARC21/slim" xmlns:cinclude="http://apache.org/cocoon/include/1.0" xmlns:zs="http://www.loc.gov/zing/srw/">
  <leader>00907cz  a2200169n  4500</leader>
  <controlfield tag="001">n 2007017468</controlfield>
  <controlfield tag="003">DLC</controlfield>
  <controlfield tag="005">20141219091425.0</controlfield>
  <controlfield tag="008">070312n| azannaabn          |a aaa      </controlfield>
  <datafield tag="010" ind1=" " ind2=" ">
    <subfield code="a">n 2007017468</subfield>
  </datafield>
  <datafield tag="035" ind1=" " ind2=" ">
    <subfield code="a">(OCoLC)oca07352557</subfield>
  </datafield>
  <datafield tag="040" ind1=" " ind2=" ">
    <subfield code="a">DLC</subfield>
    <subfield code="b">eng</subfield>
    <subfield code="e">rda</subfield>
    <subfield code="c">DLC</subfield>
    <subfield code="d">DLC</subfield>
    <subfield code="d">IEN</subfield>
    <subfield code="d">DLC</subfield>
  </datafield>
  <datafield tag="100" ind1="1" ind2=" ">
    <subfield code="a">Mozart, Wolfgang Amadeus,</subfield>
    <subfield code="d">1756-1791.</subfield>
    <subfield code="t">Fugues,</subfield>
    <subfield code="m">violins (2), viola, cello,</subfield>
    <subfield code="n">K. 405.</subfield>
    <subfield code="n">No. 5</subfield>
  </datafield>
  <datafield tag="382" ind1="0" ind2=" ">
    <subfield code="a">violin</subfield>
    <subfield code="n">2</subfield>
    <subfield code="a">viola</subfield>
    <subfield code="n">1</subfield>
    <subfield code="a">cello</subfield>
    <subfield code="n">1</subfield>
    <subfield code="s">4</subfield>
    <subfield code="2">lcmpt</subfield>
  </datafield>
  <datafield tag="400" ind1="1" ind2=" ">
    <subfield code="w">nnea</subfield>
    <subfield code="a">Mozart, Wolfgang Amadeus,</subfield>
    <subfield code="d">1756-1791.</subfield>
    <subfield code="t">Fugues,</subfield>
    <subfield code="m">string quartet,</subfield>
    <subfield code="n">K. 405.</subfield>
    <subfield code="n">No. 5</subfield>
  </datafield>
  <datafield tag="670" ind1=" " ind2=" ">
    <subfield code="a">Mozart, Wolfgang Amadeus. Library of Congress Music Division concert, 2006-04-28 [SR] 2006:</subfield>
    <subfield code="b">program notes (Five fugues : for string quartet, K. 405, after J.S. Bach's Well-tempered clavier.  5. D major (BWV 874, no. 2))</subfield>
  </datafield>
  <datafield tag="670" ind1=" " ind2=" ">
    <subfield code="a">Kochel, 1964:</subfield>
    <subfield code="b">p. 438 (FuĚnf vierstimmige Fugen aus J.S. Bachs Wohltemperiertem Klavier II, Teil Nr. 2  (BWV 874) [D major])</subfield>
  </datafield>
</record>